<record xmlns="http://www.loc.gov/MARC21/slim" xmlns:xsi="http://www.w3.org/2001/XMLSchema-instance" xsi:schemaLocation="http://www.loc.gov/MARC21/slim http://www.loc.gov/standards/marcxml/schema/MARC21slim.xsd"><leader>01393nam a2200265   4500</leader><controlfield tag="001">002854078</controlfield><controlfield tag="003">NNU</controlfield><controlfield tag="006">m        d        </controlfield><controlfield tag="007">cr cn |||m|||a</controlfield><controlfield tag="008">140707s1956    iq h    o     000 0 ararc</controlfield><datafield ind1=" " ind2=" " tag="040"><subfield code="a">NNU</subfield><subfield code="b">eng</subfield><subfield code="c">NNU</subfield></datafield><datafield ind1="1" ind2=" " tag="100"><subfield code="a">&#699;Arj&#299;, &#699;Abd All&#257;h ibn &#699;Umar,</subfield><subfield code="d">d. ca. 738.</subfield></datafield><datafield ind1="1" ind2="0" tag="245"><subfield code="a">D&#299;w&#257;n al-&#699;Arj&#299;</subfield><subfield code="h">[electronic resource],</subfield><subfield code="c">riw&#257;yat Ab&#299; al-Fat&#7717; &#699;Uthmam ibn Jinn&#299;. Shara&#7717;a wa-&#7717;aqqaqahu Khi&#7693;r al-&#7788;&#257;&#700;&#299; [wa]-Rash&#299;d al-&#699;Ubayd&#299;.</subfield></datafield><datafield ind1=" " ind2=" " tag="250"><subfield code="a">[al-&#7788;ab&#699;ah al-ul&#225;]</subfield></datafield><datafield ind1=" " ind2=" " tag="260"><subfield code="a">Baghd&#257;d,</subfield><subfield code="b">al-Sharikah al-Isl&#257;m&#299;yah lil-&#7788;ib&#257;&#699;ah wa-al-Nashr</subfield><subfield code="c">[1956]</subfield></datafield><datafield ind1=" " ind2=" " tag="300"><subfield code="a">online resource (46, 213, 5 p.) :</subfield><subfield code="b">facsims,</subfield></datafield><datafield ind1=" " ind2=" " tag="500"><subfield code="a">Added t.p.: Diwan al-Argi; Recueil de poe&#347;ies d'al-Argi d'apr&#232;s Abu-l-Fath Sheikh Uthman ibn Jinni, publi&#233; et expliqu&#233; par Khidhr al-Ta&#700;i et Rasheed al-&#699;Ubaidi.</subfield></datafield><datafield ind1=" " ind2=" " tag="500"><subfield code="a">Part of the Arabic Collections Online (ACO) project, contributed by New York Univeristy Libraries.</subfield></datafield><datafield ind1=" " ind2=" " tag="533"><subfield code="a">Electronic reproduction.</subfield><subfield code="b">New York, N.Y. :</subfield><subfield code="c">New York University,</subfield><subfield code="d">2014.</subfield><subfield code="5">NNU</subfield></datafield><datafield ind1="2" ind2=" " tag="710"><subfield code="a">New York University.</subfield><subfield code="b">Libraries.</subfield></datafield><datafield ind1="0" ind2=" " tag="730"><subfield code="a">Arabic Collections Online.</subfield></datafield><datafield ind1="0" ind2=" " tag="740"><subfield code="a">Diwan al-Argi.</subfield></datafield><datafield ind1="0" ind2="8" tag="776"><subfield code="i">Print version:</subfield><subfield code="a">&#699;Arj&#299;, &#699;Abd All&#257;h ibn &#699;Umar, d. ca. 738.</subfield><subfield code="t">D&#299;w&#257;n al-&#699;Arj&#299;</subfield><subfield code="w">(NNU)002854078</subfield><subfield code="w">(DLC)ne 63001910</subfield></datafield><datafield ind1="4" ind2="0" tag="856"><subfield code="u">http://hdl.handle.net/2333.1/2v6wwrq3</subfield></datafield><datafield ind1=" " ind2=" " tag="959"><subfield code="a">NNU</subfield><subfield code="b">WEB</subfield><subfield code="c">GENI</subfield><subfield code="t">0</subfield><subfield code="m">Electronic access</subfield><subfield code="s">01</subfield></datafield></record>